<?xml version="1.0" encoding="UTF-8"?><record xmlns="http://www.loc.gov/MARC21/slim" xmlns:cinclude="http://apache.org/cocoon/include/1.0" xmlns:zs="http://www.loc.gov/zing/srw/">
  <leader>00346nz  a2200133n  4500</leader>
  <controlfield tag="001">no2009088346</controlfield>
  <controlfield tag="003">DLC</controlfield>
  <controlfield tag="005">20090611075518.0</controlfield>
  <controlfield tag="008">090609n| acannaabn           n ana     c</controlfield>
  <datafield tag="010" ind1=" " ind2=" ">
    <subfield code="a">no2009088346</subfield>
  </datafield>
  <datafield tag="035" ind1=" " ind2=" ">
    <subfield code="a">(OCoLC)oca08135948</subfield>
  </datafield>
  <datafield tag="040" ind1=" " ind2=" ">
    <subfield code="a">NIC</subfield>
    <subfield code="b">eng</subfield>
    <subfield code="c">NIC</subfield>
  </datafield>
  <datafield tag="110" ind1="2" ind2=" ">
    <subfield code="a">Gruppe Blauer Montag</subfield>
  </datafield>
  <datafield tag="670" ind1=" " ind2=" ">
    <subfield code="a">Risse im Putz, 2008:</subfield>
    <subfield code="b">t.p. (Gruppe Blauer Montag)</subfield>
  </datafield>
</record>